@article{Dijkstra-1968,
  title={Go to statement considered harmful},
  author={Dijkstra, Edsger W},
  journal={Communications of the ACM},
  volume={11},
  number={3},
  pages={147--148},
  year={1968}
}
@article{C2013,
    author = {Cormode, Graham},
    title = {What Does an Associate Editor Actually Do?},
    year = {2013},
    issue_date = {May 2013},
    publisher = {Association for Computing Machinery},
    address = {New York, NY, USA},
    volume = {42},
    number = {2},
    issn = {0163-5808},
    url = {https://doi.org/10.1145/2503792.2503805},
    doi = {10.1145/2503792.2503805},
    journal = {SIGMOD Rec.},
    month = jul,
    pages = {52–58},
    numpages = {7}
}

@article{BH2004,
  author    = {Bo{-}Christer Bj{\"{o}}rk and
               Turid Hedlund},
  title     = {A formalised model of the scientific publication process},
  journal   = {Online Inf. Rev.},
  volume    = {28},
  number    = {1},
  pages     = {8--21},
  year      = {2004},
  url       = {https://doi.org/10.1108/14684520410522411},
  doi       = {10.1108/14684520410522411},
  timestamp = {Mon, 25 May 2020 09:15:10 +0200},
  biburl    = {https://dblp.org/rec/journals/oir/BjorkH04.bib},
  bibsource = {dblp computer science bibliography, https://dblp.org}
}

@article {SNCMBL2021,
	author = {Scanff, Alexandre and Naudet, Florian and Cristea, Ioana and Moher, David and Bishop, Dorothy V M and Locher, Clara},
	title = {{\textquoteleft}Nepotistic journals{\textquoteright}: a survey of biomedical journals},
	elocation-id = {2021.02.03.429520},
	year = {2021},
	doi = {10.1101/2021.02.03.429520},
	publisher = {Cold Spring Harbor Laboratory},
	URL = {https://www.biorxiv.org/content/early/2021/02/03/2021.02.03.429520},
	eprint = {https://www.biorxiv.org/content/early/2021/02/03/2021.02.03.429520.full.pdf},
	journal = {bioRxiv},
	note = {doi:10.1101/2021.02.03.429520}
}

% source: DBLP
@inproceedings{JM2017,
  author    = {Hugo Jonker and
               Sjouke Mauw},
  editor    = {Frank Stajano and
               Jonathan Anderson and
               Bruce Christianson and
               Vashek Maty{\'{a}}s},
  title     = {A Security Perspective on Publication Metrics},
  booktitle = {Security Protocols {XXV} - 25th International Workshop, Cambridge,
               UK, March 20-22, 2017, Revised Selected Papers},
  series    = {Lecture Notes in Computer Science},
  volume    = {10476},
  pages     = {186--200},
  publisher = {Springer},
  year      = {2017},
  url       = {https://doi.org/10.1007/978-3-319-71075-4\_21},
  doi       = {10.1007/978-3-319-71075-4\_21},
  timestamp = {Tue, 14 May 2019 10:00:48 +0200},
  biburl    = {https://dblp.org/rec/conf/spw/JonkerM17.bib},
  bibsource = {dblp computer science bibliography, https://dblp.org}
}

@mastersthesis{TEJ2017,
  author       = {Tielenburg, Niels}, 
  title        = {Automating outlier detection in academic publishing},
  school       = {Open University},
  year         = 2017,
}

% source: https://www.cambridge.org/core/journals/european-review/article/abs/improving-ratings-audit-in-the-british-university-system/FC2EE640C0C44E3DB87C29FB666E9AAB
@article{strathern_1997, 
    title={‘Improving ratings’: audit in the British University system}, 
    volume={5}, 
    DOI={10.1002/(SICI)1234-981X(199707)5:3<305::AID-EURO184>3.0.CO;2-4}, 
    number={3}, 
    journal={European Review}, 
    publisher={Cambridge University Press}, 
    author={Strathern, Marilyn}, 
    year={1997}, 
    pages={305–321}
}

@article{HGWA2019,
  title={Detection of data fabrication using statistical tools},
  author={Hartgerink, Chris HJ and Voelkel, Jan G and Wicherts, Jelte and van Assen, Marcel ALM},
  year={2019},
  publisher={PsyArXiv},
  note = {doi:10.31234/osf.io/jkws4}
}